@article{wang2016x,
  title={X-ray Scattering Image Classification Using Deep Learning},
  author={Wang, Boyu and Yager, Kevin and Yu, Dantong and Hoai, Minh},
  journal={arXiv preprint arXiv:1611.03313},
  year={2016}
}

@inproceedings{kiapour2014materials,
  title={Materials discovery: Fine-grained classification of X-ray scattering images},
  author={Kiapour, M Hadi and Yager, Kevin and Berg, Alexander C and Berg, Tamara L},
  booktitle={Applications of Computer Vision (WACV), 2014 IEEE Winter Conference on},
  pages={933--940},
  year={2014},
  organization={IEEE}
}

@article{sermanet2013overfeat,
  title={Overfeat: Integrated recognition, localization and detection using convolutional networks},
  author={Sermanet, Pierre and Eigen, David and Zhang, Xiang and Mathieu, Micha{\"e}l and Fergus, Rob and LeCun, Yann},
  journal={arXiv preprint arXiv:1312.6229},
  year={2013}
}

@inproceedings{renNIPS15fasterrcnn,
    Author = {Shaoqing Ren and Kaiming He and Ross Girshick and Jian Sun},
    Title = {Faster {R-CNN}: Towards Real-Time Object Detection
             with Region Proposal Networks},
    Booktitle = {Advances in Neural Information Processing Systems ({NIPS})},
    Year = {2015}
}

@inproceedings{girshick2014rich,
  title={Rich feature hierarchies for accurate object detection and semantic segmentation},
  author={Girshick, Ross and Donahue, Jeff and Darrell, Trevor and Malik, Jitendra},
  booktitle={Proceedings of the IEEE conference on computer vision and pattern recognition},
  pages={580--587},
  year={2014}
}

@misc{MCViNE,
  title = {{MCViNE} website},
  howpublished = {\url{http://web.archive.org/web/20080207010024/http://www.808multimedia.com/winnt/kernel.htm}},
  note = {Accessed: 2017-01-30}
}

@misc{McStas,
  title = {{McStas} website},
  howpublished = {\url{http://mcstas.org/}},
  note = {Accessed: 2017-01-30}
}

@misc{scikit-learn,
  title = {{Scikit-Learn} website},
  howpublished = {\url{http://scikit-learn.org/stable/}},
  note = {Accessed: 2017-01-30}
}

@misc{scikit-image,
  title = {{Scikit-Image} website},
  howpublished = {\url{http://scikit-image.org/docs/dev/}},
  note = {Accessed: 2017-01-30}
}

@misc{keras,
  title = {{Keras} website},
  howpublished = {\url{https://keras.io/}},
  note = {Accessed: 2017-01-30}
}

